<record><leader>00000cas a2200000 a 4500</leader><controlfield tag="001">11461422</controlfield><controlfield tag="008">841206d18371838ohudn ne      0   a0eng c</controlfield><datafield ind1=" " ind2=" " tag="010"><subfield code="a">sn 84025006 </subfield></datafield><datafield ind1=" " ind2=" " tag="040"><subfield code="a">NPV</subfield><subfield code="b">eng</subfield><subfield code="c">NPV</subfield><subfield code="d">ONP</subfield><subfield code="d">NVF</subfield><subfield code="d">OCL</subfield><subfield code="d">CUI</subfield><subfield code="d">OCLCQ</subfield><subfield code="d">OCLCF</subfield></datafield><datafield ind1=" " ind2=" " tag="042"><subfield code="a">pcc</subfield></datafield><datafield ind1=" " ind2=" " tag="043"><subfield code="a">n-us-oh</subfield></datafield><datafield ind1=" " ind2="4" tag="050"><subfield code="a">AN</subfield></datafield><datafield ind1="0" ind2=" " tag="130"><subfield code="a">Daily Ohio statesman (Columbus, Ohio : 1837)</subfield></datafield><datafield ind1="1" ind2="0" tag="245"><subfield code="a">Daily Ohio statesman.</subfield></datafield><datafield ind1="1" ind2="3" tag="246"><subfield code="a">Ohio statesman</subfield></datafield><datafield ind1=" " ind2=" " tag="260"><subfield code="a">Columbus [Ohio] :</subfield><subfield code="b">S. Medary &amp; Bros.,</subfield><subfield code="c">1837-1838.</subfield></datafield><datafield ind1=" " ind2=" " tag="300"><subfield code="a">v.</subfield></datafield><datafield ind1=" " ind2=" " tag="310"><subfield code="a">Daily (except Sunday)</subfield></datafield><datafield ind1="0" ind2=" " tag="362"><subfield code="a">Vol. 1, no. 12 (Sept. 18, 1837)-v. 1, no. 191 (Apr. 17, 1838).</subfield></datafield><datafield ind1=" " ind2="0" tag="651"><subfield code="a">Columbus (Ohio)</subfield><subfield code="v">Newspapers.</subfield></datafield><datafield ind1=" " ind2="0" tag="651"><subfield code="a">Franklin County (Ohio)</subfield><subfield code="v">Newspapers.</subfield></datafield><datafield ind1=" " ind2="7" tag="655"><subfield code="a">Newspapers.</subfield><subfield code="2">fast</subfield><subfield code="0">(OCoLC)fst01423814</subfield></datafield><datafield ind1=" " ind2="7" tag="651"><subfield code="a">Ohio</subfield><subfield code="z">Columbus.</subfield><subfield code="2">fast</subfield><subfield code="0">(OCoLC)fst01205076</subfield></datafield><datafield ind1=" " ind2="7" tag="651"><subfield code="a">Ohio</subfield><subfield code="z">Franklin County.</subfield><subfield code="2">fast</subfield><subfield code="0">(OCoLC)fst01209686</subfield></datafield><datafield ind1=" " ind2=" " tag="752"><subfield code="a">United States</subfield><subfield code="b">Ohio</subfield><subfield code="c">Franklin</subfield><subfield code="d">Columbus.</subfield></datafield><datafield ind1="0" ind2=" " tag="775"><subfield code="t">Weekly Ohio statesman</subfield><subfield code="w">(DLC)sn 84028639</subfield><subfield code="w">(OCoLC)11281954</subfield></datafield><datafield ind1="0" ind2=" " tag="775"><subfield code="t">Ohio statesman (Columbus, Ohio : 1837)</subfield><subfield code="w">(DLC)sn 84028637</subfield><subfield code="w">(OCoLC)11281355</subfield></datafield><datafield ind1="0" ind2="8" tag="776"><subfield code="i">Online version:</subfield><subfield code="t">Daily Ohio statesman (Columbus, Ohio : 1837 : Online)</subfield><subfield code="w">(OCoLC)608255128</subfield></datafield><datafield ind1="0" ind2="0" tag="780"><subfield code="t">Daily statesman (Columbus, Ohio)</subfield><subfield code="w">(DLC)sn 84024999</subfield><subfield code="w">(OCoLC)11452954</subfield></datafield><datafield ind1="0" ind2="0" tag="785"><subfield code="t">Ohio statesman (Columbus, Ohio : 1838)</subfield><subfield code="w">(DLC)sn 84028641</subfield><subfield code="w">(OCoLC)11282149</subfield></datafield></record>